@Misc{human-card-comparisons,
  Title = {{...}},
  Author = {{...}},
  Year = 0,
  Url = {...}
}

@Misc{dominion-data-sets,
  Title = {{Isotropic}},
  Author = {{Doug Zongker}},
  Year = 2010-2013,
  Url = {https://dominion.isotropic.org/}
}

@Misc{BLOG,
  Title = {{...}},
  Author = {{...}},
  Year = 0,
  Url = {...}
}

@Misc{hakaru,
  Title = {{...}},
  Author = {{...}},
  Year = 0,
  Url = {...}
}

